<record><leader>00000cas a2200000 a 4500</leader><controlfield tag="001">5380388</controlfield><controlfield tag="008">790917d18841903nbubr ne      0   a0eng c</controlfield><datafield ind1=" " ind2=" " tag="010"><subfield code="a">sn 96080196 </subfield></datafield><datafield ind1=" " ind2=" " tag="040"><subfield code="a">WAU</subfield><subfield code="b">eng</subfield><subfield code="c">WAU</subfield><subfield code="d">NOP</subfield><subfield code="d">NVG</subfield><subfield code="d">SXN</subfield><subfield code="d">OCL</subfield><subfield code="d">NYS</subfield><subfield code="d">KRTAS</subfield><subfield code="d">GBVCP</subfield><subfield code="d">OCLCQ</subfield><subfield code="d">OCLCF</subfield><subfield code="d">OCLCO</subfield><subfield code="d">TYC</subfield></datafield><datafield ind1=" " ind2=" " tag="015"><subfield code="a">012421723</subfield><subfield code="2">dnb</subfield></datafield><datafield ind1="7" ind2=" " tag="016"><subfield code="a">428401--X</subfield><subfield code="2">DE-600</subfield></datafield><datafield ind1="7" ind2=" " tag="016"><subfield code="a">012421723</subfield><subfield code="2">DE-101</subfield></datafield><datafield ind1="7" ind2=" " tag="016"><subfield code="a">428401x</subfield><subfield code="2">DE-600</subfield></datafield><datafield ind1="1" ind2=" " tag="029"><subfield code="a">GBVCP</subfield><subfield code="b">167210963</subfield></datafield><datafield ind1=" " ind2=" " tag="042"><subfield code="a">pcc</subfield></datafield><datafield ind1=" " ind2=" " tag="043"><subfield code="a">n-us-nb</subfield></datafield><datafield ind1=" " ind2=" " tag="090"><subfield code="a">E99.D1</subfield><subfield code="b">Ill8</subfield></datafield><datafield ind1="0" ind2="4" tag="245"><subfield code="a">The Word carrier.</subfield></datafield><datafield ind1=" " ind2=" " tag="260"><subfield code="a">Santee Agency, Neb. :</subfield><subfield code="b">Alfred L. Riggs,</subfield><subfield code="c">1884-1903.</subfield></datafield><datafield ind1=" " ind2=" " tag="300"><subfield code="a">v. :</subfield><subfield code="b">ill. ;</subfield><subfield code="c">41 cm.</subfield></datafield><datafield ind1=" " ind2=" " tag="310"><subfield code="a">Bimonthly,</subfield><subfield code="b">Apr./May 1902-1903</subfield></datafield><datafield ind1=" " ind2=" " tag="321"><subfield code="a">Monthly,</subfield><subfield code="b">1884-Mar. 1902</subfield></datafield><datafield ind1="0" ind2=" " tag="362"><subfield code="a">New ser., vol. 1, no. 1 (Mar. 1884)-new ser., v. 4, no. 12 (Dec. 1887) ; v. 17, no. 1 (Jan. 1888)-v. 32, no. 4 (July-Aug. 1903).</subfield></datafield><datafield ind1=" " ind2=" " tag="500"><subfield code="a">"Published for the Dakota mission, in the interest of schools and missions among the Indians, with special reference to the Santee Normal Training School."</subfield></datafield><datafield ind1=" " ind2=" " tag="500"><subfield code="a">"Helping the right, exposing the wrong."</subfield></datafield><datafield ind1=" " ind2=" " tag="515"><subfield code="a">Numbering is irregular.</subfield></datafield><datafield ind1=" " ind2=" " tag="515"><subfield code="a">Many combined issues.</subfield></datafield><datafield ind1=" " ind2=" " tag="530"><subfield code="a">Available on microfilm from: State Archives, South Dakota State Historical Society, and on microfiche from Clearwater Pub. Co.</subfield></datafield><datafield ind1=" " ind2=" " tag="580"><subfield code="a">Dakota ed.: Iapi oaye (Greenwood, S.D.).</subfield></datafield><datafield ind1="2" ind2="0" tag="610"><subfield code="a">Santee Normal Training School (Santee, Neb.)</subfield><subfield code="v">Newspapers.</subfield></datafield><datafield ind1="2" ind2="7" tag="610"><subfield code="a">Santee Normal Training School (Santee, Neb.)</subfield><subfield code="2">fast</subfield><subfield code="0">(OCoLC)fst00677810</subfield></datafield><datafield ind1=" " ind2="0" tag="650"><subfield code="a">Dakota Indians</subfield><subfield code="x">Missions</subfield><subfield code="v">Newspapers.</subfield></datafield><datafield ind1=" " ind2="0" tag="650"><subfield code="a">Santee Indians</subfield><subfield code="x">Missions</subfield><subfield code="v">Newspapers.</subfield></datafield><datafield ind1=" " ind2="0" tag="651"><subfield code="a">Santee (Neb.)</subfield><subfield code="v">Newspapers.</subfield></datafield><datafield ind1=" " ind2="0" tag="651"><subfield code="a">Knox County (Neb.)</subfield><subfield code="v">Newspapers.</subfield></datafield><datafield ind1=" " ind2="7" tag="650"><subfield code="a">Dakota Indians</subfield><subfield code="x">Missions.</subfield><subfield code="2">fast</subfield><subfield code="0">(OCoLC)fst00887128</subfield></datafield><datafield ind1=" " ind2="7" tag="650"><subfield code="a">Santee Indians</subfield><subfield code="x">Missions.</subfield><subfield code="2">fast</subfield><subfield code="0">(OCoLC)fst01105320</subfield></datafield><datafield ind1=" " ind2="7" tag="651"><subfield code="a">Nebraska</subfield><subfield code="z">Knox County.</subfield><subfield code="2">fast</subfield><subfield code="0">(OCoLC)fst01222830</subfield></datafield><datafield ind1=" " ind2="7" tag="651"><subfield code="a">Nebraska</subfield><subfield code="z">Santee.</subfield><subfield code="2">fast</subfield><subfield code="0">(OCoLC)fst01260569</subfield></datafield><datafield ind1=" " ind2="7" tag="655"><subfield code="a">Newspapers.</subfield><subfield code="2">fast</subfield><subfield code="0">(OCoLC)fst01423814</subfield></datafield><datafield ind1=" " ind2=" " tag="752"><subfield code="a">United States</subfield><subfield code="b">Nebraska</subfield><subfield code="c">Knox</subfield><subfield code="d">Santee.</subfield></datafield><datafield ind1="1" ind2=" " tag="775"><subfield code="t">Iapi oaye (Greenwood, S.D.)</subfield><subfield code="w">(DLC)sn 95063058</subfield><subfield code="w">(OCoLC)1644510</subfield></datafield><datafield ind1="0" ind2="0" tag="785"><subfield code="t">Word carrier of Santee Normal Training School</subfield><subfield code="w">(DLC)sn 96080197</subfield><subfield code="w">(OCoLC)8329957</subfield></datafield><datafield ind1=" " ind2=" " tag="938"><subfield code="a">Kirtas Technologies, Inc.</subfield><subfield code="b">KRTS</subfield><subfield code="n">843744</subfield></datafield></record>